@manual{foreskrifter,
	author = {Eva Albers},
	title = {Föreskrift för kandidatarbete på Chalmers - genomförande och examination},
	year = {2022},
	month = {08},
	note = {Diarienummer: C 2022-0943}
}

@online{google_vulnerability_disclosure,
	author = {Google Project Zero},
	title = {{How Google handles security vulnerabilities}},
	year = {2022},
	url = {https://googleprojectzero.blogspot.com/p/vulnerability-disclosure-policy.html},
	urldate = {2023-02-10},
}

@inproceedings{symqemu,
	author = {Poeplau, Sebastian and Francillon, Aurélien},
	title = {{SymQEMU: Compilation-based symbolic execution for binaries}},
	booktitle = {Network and Distributed Systems Security (NDSS) Symposium 2021},
	date = {2021-02},
	url = {https://dx.doi.org/10.14722/ndss.2021.23118},
	doi = {10.14722/ndss.2021.23118}
}

@inproceedings{s2e,
	author = {Chipounov, Vitaly and Kuznetsov, Volodymyr and Candea, George},
	title = {{S2E: A Platform for in-Vivo Multi-Path Analysis of Software Systems}},
	date = {2011},
	isbn = {9781450302661},
	publisher = {Association for Computing Machinery},
	address = {New York, NY, USA},
	url = {https://doi.org/10.1145/1950365.1950396},
	doi = {10.1145/1950365.1950396},
	booktitle = {Proceedings of the Sixteenth International Conference on Architectural Support for Programming Languages and Operating Systems},
	pages = {265–278},
	numpages = {14},
	keywords = {testing, analysis, virtualization, dbt, performance, symbolic execution, framework, binary, in-vivo, consistency models},
	location = {Newport Beach, California, USA},
	series = {ASPLOS XVI}
}

@book{andriesse2018,
	author = {Andriesse, Dennis},
	title = {{Practical Binary Analysis}},
	year = {2018},
	month = {12},
	publisher = {No Starch Press},
	isbn = {9781593279127}
}

@inproceedings{klee,
    author = {Cadar, Cristian and Dunbar, Daniel and Engler, Dawson},
    title = {{KLEE: Unassisted and Automatic Generation of High-Coverage Tests for Complex Systems Programs}},
    year = {2008},
    publisher = {USENIX Association},
    address = {USA},
    booktitle = {Proceedings of the 8th USENIX Conference on Operating Systems Design and Implementation},
    pages = {209–224},
    numpages = {16},
    location = {San Diego, California},
    series = {OSDI'08}
}

@online{s2e_website,
	author = {Chipounov, Vitaly},
	title = {{\stoe: A Platform for In-Vivo Analysis of Software Systems}},
	date = {2017-02-24},
	url = {https://s2e.systems/},
	urldate = {2023-02-10}
}

@misc{ghidra_website,
	title = {Gidra - A software reverse engineering (SRE) suite of tools developed by NSA's Research Directorate in support of the Cybersecurity mission},
	author = {NSA's Research Directorate},
	howpublished = {\url{https://ghidra-sre.org/}}
}

@article{ghidra_use_cases,
	author = {Ric Messier, Matthew Berninger},
	title = {Getting Started with Ghidra by Ric Messier, Matthew Berninger},
	journal = {O’Reilly Media, Inc},
	year = {2023},
	howpublished = {\url{https://www.oreilly.com/library/view/getting-started-with/9781098115265/ch01.html}},
}

@misc{ghidra_script,
	author = {Marco Ivaldi},
	title = {Automating binary vulnerability discovery with Ghidra and Semgrep},
	month = {July},
	year = {2022},
	howpublished = {\url{https://security.humanativaspa.it/automating-binary-vulnerability-discovery-with-ghidra-and-semgrep/}}
}

@misc{angr_github,
	title = {angr - Next-generation binary analysis framework!},
	howpublished = {\url{https://github.com/angr}}
}

@misc{angr_docs,
	title = {angr Documentation},
	howpublished = {\url{https://docs.angr.io/}}
}

@techreport{dynamic_bin_analysis,
	author    = {Nicholas Nethercote},
    title     = {Dynamic binary analysis and instrumentation},
    institution = {University of Cambridge},
    year      = {2004},
	howpublished = {\url{https://www.cl.cam.ac.uk/techreports/UCAM-CL-TR-606.pdf}}
}
